@article{ILS,
     author = {Iwaniec, Henryk and Luo, Wenzhi and Sarnak, Peter},
     title = {Low lying zeros of families of $L$-functions},
     journal = {Publications Math\'ematiques de l'IH\'ES},
     publisher = {Institut des Hautes \'Etudes Scientifiques},
     volume = {91},
     year = {2000},
     pages = {55-131},
     zbl = {01656533},
     mrnumber = {2002h:11081},
     language = {en},
     url = {http://www.numdam.org/item/PMIHES_2000__91__55_0}
}

@misc{FreemanThesis,
    title={Fredholm Theory and Optimal Test Functions for Detecting Central Point Vanishing Over Families of L-functions},
    author={Jesse Freeman},
    year={2017},
    eprint={1708.01588},
    archivePrefix={arXiv},
    primaryClass={math.NT}
}

@misc{HughesMiller,
    title={Calculating the level density a'la Katz-Sarnak},
    author={C. P. Hughes and Steven J. Miller}
}

@misc{FreemanMiller,
    title={Determining Optimal Test Functions for Bounding the Average Rank in Families of $L$-Functions},
    author={Jesse Freeman and Steven J. Miller},
    year={2015},
    eprint={1507.03598},
    archivePrefix={arXiv},
    primaryClass={math.NT}
}

@article{Gallagher,
author = {Gallagher, P.X.},
journal = {Journal für die reine und angewandte Mathematik},
keywords = {pair correlation; Montgomery's method; number of pairs of zeros; Riemann zeta-function; limiting value},
pages = {72-86},
title = {Pair correlation of zeros of the zeta function.},
url = {http://eudml.org/doc/152768},
volume = {362},
year = {1985},
}

@book{KatzSarnak,
  title={Random Matrices, Frobenius Eigenvalues, and Monodromy},
  author={Katz, N.M. and Sarnak, P.},
  isbn={9780821810170},
  lccn={98020459},
  series={American Mathematical Society: Colloquium publications},
  url={https://books.google.com/books?id=LgziDgAAQBAJ},
  year={1999},
  publisher={American Mathematical Society}
}

@article{RudnickSarnak,
author = "Rudnick, Zeév and Sarnak, Peter",
doi = "10.1215/S0012-7094-96-08115-6",
fjournal = "Duke Mathematical Journal",
journal = "Duke Math. J.",
number = "2",
pages = "269--322",
publisher = "Duke University Press",
title = "Zeros of principal $L$ -functions and random matrix theory",
url = "https://doi.org/10.1215/S0012-7094-96-08115-6",
volume = "81",
year = "1996"
}
